@article{Baines1985,
author = { P. G.  Baines  and  K. P.  Hoinka },
title = {Stratified Flow over Two-Dimensional Topography in Fluid of Infinite Depth: A Laboratory Simulation},
journal = {Journal of the Atmospheric Sciences},
volume = {42},
number = {15},
pages = {1614-1630},
year = {1985},
doi = {10.1175/1520-0469(1985)042<1614:SFOTDT>2.0.CO;2}
}


@article {Dossmann2016,
author = {Y. Dossmann, M. G. Rosevear, R. W. Griffiths et al.},
title = {Experiments with mixing in stratified flow over a topographic ridge},
journal = {Journal of Geophysical Research: Oceans},
volume = {121},
number = {9},
pages = {6961--6977},
year = {2016},
doi = {10.1002/2016JC011990}
}

@article{Plumb1978,
author = { R. A.  Plumb  and  A. D.  McEwan },
title = {The Instability of a Forced Standing Wave in a Viscous Stratified Fluid: A Laboratory Analogue of .the Quasi-Biennial Oscillation},
journal = {Journal of the Atmospheric Sciences},
volume = {35},
number = {10},
pages = {1827-1839},
year = {1978},
doi = {10.1175/1520-0469(1978)035<1827:TIOAFS>2.0.CO;2}
}

@article{Semin2016,
author = {B. Semin, G. Facchini, F. P\'etr\'elis et al},
title = {Generation of a mean flow by an internal wave},
journal = {Physics of Fluids},
volume = {28},
number = {9},
pages = {096601},
year = {2016},
doi = {10.1063/1.4962937}
}

@article{Plumb1977,
author = { R. A.  Plumb },
title = {The Interaction of Two Internal Waves with the Mean Flow: Implications for the Theory of the Quasi-Biennial Oscillation},
journal = {Journal of the Atmospheric Sciences},
volume = {34},
number = {12},
pages = {1847-1858},
year = {1977},
doi = {10.1175/1520-0469(1977)034<1847:TIOTIW>2.0.CO;2}
}

@article{Gostiaux2006,
author = {L. Gostiaux, H. Didelle, S. Mercier et al.},
title = {A novel internal waves generator},
journal = {Experiments in Fluids},
volume = {42},
issue = {1},
pages = {123-130},
year = {2007},
doi = {10.1007/s00348-006-0225-7}
}

@article{Peacock2009,
  title={Internal wave beam propagation in non-uniform stratifications},
  author={M. Mathur and T. Peacock},
  journal={Journal of Fluid Mechanics},
  volume={639},
  pages={133--152},
  year={2009},
  publisher={Cambridge Univ Press}
}

@article {Muraschko2015,
author = {J. Muraschko, M. D. Fruman, U. Achatz et al},
title = {On the application of Wentzel\--Kramer\--Brillouin theory for the simulation of the weakly nonlinear dynamics of gravity waves},
journal = {Quarterly Journal of the Royal Meteorological Society},
volume = {141},
number = {688},
doi = {10.1002/qj.2381},
pages = {676--697},
year = {2015},
}

@article {Ferrari2009,
author = {R. Ferrari and C. Wunsch},
title = {Ocean Circulation Kinetic Energy: Reservoirs, Sources, and Sinks},
journal = {Annual Review of Fluid Mechanics},
volume = {41},
doi = {10.1146/annurev.fluid.40.111406.102139},
year = {2009},
}

@Article{Kirtman2012,
author={B. P. Kirtman, C. Bitz and F. Bryan et al},
title={Impact of ocean model resolution on CCSM climate simulations},
journal={Climate Dynamics},
year={2012},
volume={39},
number={6},
pages={1303--1328},
doi={10.1007/s00382-012-1500-3},
}

@article{Lindzen1968,
author = {R. S. Lindzen  and  J. R.  Holton },
title = {A Theory of the Quasi-Biennial Oscillation},
journal = {Journal of the Atmospheric Sciences},
volume = {25},
number = {6},
pages = {1095-1107},
year = {1968},
doi = {10.1175/1520-0469(1968)025<1095:ATOTQB>2.0.CO;2},
}

@article{Plumb1977,
author = { R. A.  Plumb },
title = {The Interaction of Two Internal Waves with the Mean Flow: Implications for the Theory of the Quasi-Biennial Oscillation},
journal = {Journal of the Atmospheric Sciences},
volume = {34},
number = {12},
pages = {1847-1858},
year = {1977},
doi = {10.1175/1520-0469(1977)034<1847:TIOTIW>2.0.CO;2},
}

@book{Buhler2014,
author = { O. B\"uhler },
title = {Waves and Mean Flow, Second Edition},
publisher = {Cambridge University Press},
year = {2014},
}

